

@Misc{SymantecThreatReport2016,
    title = {Symantec Internet Security Threat Report 2016},
    date = {17 April 2017},
    url = {https://www.symantec.com/content/dam/symantec/docs/reports/istr-21-2016-en.pdf},
    author = {Wood, Paul and Nahorney, Ben and Chandrasekar, Kavitha and  Wallace, Scott and Haley, Kevin},
    year = {2016},
    organization = {Symantec}
}

@Misc{OWASP-SQL-Prevention,
    author = {OWASP},
    title = {SQL Injection Prevention Cheat Sheet},
    howpublished = {online},
    month = {07},
    year = {2016},
    url = {https://www.owasp.org/index.php/SQL_Injection_Prevention_Cheat_Sheet}
}

@Misc{OWASP-Top10,
    author = {OWASP},
    title = {OWASP Top-10 Most Critical Web Application Security Risks},
    howpublished = {online},
    month = {04},
    year = {2017},
    date = {21-04-2017},
    url = {https://www.owasp.org/index.php/Category:OWASP_Top_Ten_Project}
}
